<record xmlns="http://www.loc.gov/MARC21/slim" xmlns:xsi="http://www.w3.org/2001/XMLSchema-instance" xsi:schemaLocation="http://www.loc.gov/MARC21/slim http://www.loc.gov/standards/marcxml/schema/MARC21slim.xsd"><leader>01153nam a2200241   4500</leader><controlfield tag="001">001680267</controlfield><controlfield tag="003">NNU</controlfield><controlfield tag="006">m        d        </controlfield><controlfield tag="007">cr cn |||m|||a</controlfield><controlfield tag="008">140707q19501959ti      o     000 1 ara d</controlfield><datafield ind1=" " ind2=" " tag="040"><subfield code="a">NNU</subfield><subfield code="b">eng</subfield><subfield code="c">NNU</subfield></datafield><datafield ind1="1" ind2=" " tag="100"><subfield code="a">Bakr&#299;, A&#7717;mad ibn &#699;Abd All&#257;h,</subfield><subfield code="d">9th cent.</subfield></datafield><datafield ind1="1" ind2="0" tag="245"><subfield code="a">S&#299;rat al-Im&#257;m &#699;Al&#299; ibn Ab&#299; &#7788;&#257;lib</subfield><subfield code="h">[electronic resource] ... /</subfield><subfield code="c">bi-riw&#257;yat Ab&#299; al-&#7716;asan A&#7717;mad ibn &#699;Abd All&#257;h ibn Mu&#7717;ammad al-Bakr&#299;.</subfield></datafield><datafield ind1=" " ind2=" " tag="260"><subfield code="a">T&#363;nis :</subfield><subfield code="b">Ma&#7789;ba&#699;at al-Man&#257;r,</subfield><subfield code="c">[195-?]</subfield></datafield><datafield ind1=" " ind2=" " tag="300"><subfield code="a">online resource (112 p.)</subfield></datafield><datafield ind1=" " ind2=" " tag="500"><subfield code="a">Part of the Arabic Collections Online (ACO) project, contributed by New York Univeristy Libraries.</subfield></datafield><datafield ind1=" " ind2=" " tag="533"><subfield code="a">Electronic reproduction.</subfield><subfield code="b">New York, N.Y. :</subfield><subfield code="c">New York University,</subfield><subfield code="d">2014.</subfield><subfield code="5">NNU</subfield></datafield><datafield ind1="0" ind2="0" tag="600"><subfield code="a">&#699;Al&#299; ibn Ab&#299; &#7788;&#257;lib,</subfield><subfield code="c">Caliph,</subfield><subfield code="d">600 (ca.)-661</subfield><subfield code="v">Fiction.</subfield></datafield><datafield ind1="2" ind2=" " tag="710"><subfield code="a">New York University.</subfield><subfield code="b">Libraries.</subfield></datafield><datafield ind1="0" ind2=" " tag="730"><subfield code="a">Arabic Collections Online.</subfield></datafield><datafield ind1="0" ind2="8" tag="776"><subfield code="i">Print version:</subfield><subfield code="a">Bakr&#299;, A&#7717;mad ibn &#699;Abd All&#257;h, 9th cent.</subfield><subfield code="t">S&#299;rat al-Im&#257;m &#699;Al&#299; ibn Ab&#299; &#7788;&#257;lib</subfield><subfield code="w">(NNU)001680267</subfield></datafield><datafield ind1="4" ind2="0" tag="856"><subfield code="u">http://hdl.handle.net/2333.1/pc866vwk</subfield></datafield><datafield ind1=" " ind2=" " tag="959"><subfield code="a">NNU</subfield><subfield code="b">WEB</subfield><subfield code="c">GENI</subfield><subfield code="t">0</subfield><subfield code="m">Electronic access</subfield><subfield code="s">01</subfield></datafield></record>